% This file was created with Citavi 6.4.0.35

@article{Abboud_2015,
 author = {Abboud, Alex W. and Schulz, Christof and Saad, Tony and Smith, Sean T. and Harris, Derek D. and Lignell, David O.},
 year = {2015},
 title = {A numerical comparison of precipitating turbulent flows between large-eddy simulation and one-dimensional turbulence},
 pages = {3185--3197},
 pagination = {page},
 volume = {61},
 issn = {0001-1541},
 journaltitle = {AIChE Journal},
 shortjournal = {AIChE J.},
 doi = {10.1002/aic.14870},
 number = {10},
 pagetotal = {13}
}


@article{Ashurst_2005,
 author = {Ashurst, William T. and Kerstein, Alan R.},
 year = {2005},
 title = {One-dimensional turbulence: Variable-density formulation and application to mixing layers},
 volume = {17},
 issn = {0001-1452},
 journaltitle = {Physics of Fluids},
 doi = {10.1063/1.1847413},
 number = {2}
}


@misc{Beder_2008,
 author = {Beder, Jesse},
 year = {2008},
 title = {yaml-cpp v0.6.3},
 url = {https://github.com/jbeder/yaml-cpp/},
 abstract = {}
}


@misc{Goodwin_2018,
 author = {Goodwin, David G. and Speth, Raymond L. and Moffat, Harry K. and Weber, Bryan W.},
 year = {2018},
 title = {Cantera},
 url = {https://cantera.org/},
 abstract = {},
 doi = {10.5281/zenodo.1174508},
 subtitle = {An Object-oriented Software Toolkit for Chemical Kinetics, Thermodynamics, and Transport Processes}
}


@misc{Hindmarsh_2020,
 author = {Hindmarsh, Alan C. and Serban, Radu and Reynolds, Daniel R.},
 year = {2020},
 title = {{CVODE}},
 url = {https://computing.llnl.gov/projects/sundials/cvode},
 abstract = {},
 file = {https://computing.llnl.gov/sites/default/files/public/cv_guide.pdf},
 note = {https://computing.llnl.gov/sites/default/files/public/cv{\_}guide.pdf},
 version = {5.2.0},
 organization = {{Lawrence Livermore National Laboratory}}
}


@article{Kerstein_1999,
 author = {Kerstein, Alan R.},
 year = {1999},
 title = {One-dimensional turbulence: model formulation and application to homogeneous turbulence, shear flows, and buoyant stratified flows},
 pages = {277--334},
 pagination = {page},
 volume = {392},
 issn = {00221120},
 journaltitle = {Journal of Fluid Mechanics},
 shortjournal = {J. Fluid Mech.},
 doi = {10.1017/S0022112099005376},
 pagetotal = {58}
}


@article{Kerstein_2001,
 author = {Kerstein, Alan R. and Ashurst, William T. and Wunsch, Scott and Nilsen, Vebjorn},
 year = {2001},
 title = {One-dimensional turbulence: vector formulation and application to free shear flows},
 pages = {85--109},
 pagination = {page},
 volume = {447},
 issn = {00221120},
 journaltitle = {Journal of Fluid Mechanics},
 shortjournal = {J. Fluid Mech.},
 doi = {10.1017/S0022112001005778},
 pagetotal = {25}
}


@article{Lignell_2013,
 author = {Lignell, David O. and Kerstein, Alan R. and Sun, Guangyuan and Monson, Elizabeth I.},
 year = {2013},
 title = {Mesh adaption for efficient multiscale implementation of one-dimensional turbulence},
 pages = {273--295},
 pagination = {page},
 volume = {27},
 issn = {0935-4964},
 journaltitle = {Theoretical and Computational Fluid Dynamics},
 shortjournal = {Theor. Comput. Fluid Dyn.},
 doi = {10.1007/s00162-012-0267-9},
 number = {3-4},
 pagetotal = {23}
}


@article{Lignell_2015,
 author = {Lignell, David O. and Fredline, Garrison C. and Lewis, Adam D.},
 year = {2015},
 title = {Comparison of one-dimensional turbulence and direct numerical simulations of soot formation and transport in a nonpremixed ethylene jet flame},
 pages = {1199--1206},
 pagination = {page},
 volume = {35},
 issn = {1540-7489},
 journaltitle = {Proceedings of the Combustion Institute},
 shortjournal = {Proc. Combust. Inst.},
 doi = {10.1016/j.proci.2014.05.046},
 number = {2},
 pagetotal = {8}
}


@article{Lignell_2018,
 author = {Lignell, David O. and Lansinger, Victoria B. and Medina, Juan and Klein, Marten and Kerstein, Alan R. and Schmidt, Heiko and Fistler, Marco and Oevermann, Michael},
 year = {2018},
 title = {One-dimensional turbulence modeling for cylindrical and spherical flows: model formulation and application},
 pages = {495--520},
 pagination = {page},
 volume = {32},
 issn = {0935-4964},
 journaltitle = {Theoretical and Computational Fluid Dynamics},
 shortjournal = {Theor. Comput. Fluid Dyn.},
 doi = {10.1007/s00162-018-0465-1},
 number = {4},
 pagetotal = {26}
}


